%YAML 1.1
%TAG !u! tag:unity3d.com,2011:
--- !u!1 &827494946168642041
GameObject:
  m_ObjectHideFlags: 0
  m_CorrespondingSourceObject: {fileID: 0}
  m_PrefabInstance: {fileID: 0}
  m_PrefabAsset: {fileID: 0}
  serializedVersion: 6
  m_Component:
  - component: {fileID: 738469091452926766}
  - component: {fileID: 8323200684313406710}
  - component: {fileID: 763265777380642365}
  m_Layer: 5
  m_Name: Icon
  m_TagString: Untagged
  m_Icon: {fileID: 0}
  m_NavMeshLayer: 0
  m_StaticEditorFlags: 0
  m_IsActive: 1
--- !u!224 &738469091452926766
RectTransform:
  m_ObjectHideFlags: 0
  m_CorrespondingSourceObject: {fileID: 0}
  m_PrefabInstance: {fileID: 0}
  m_PrefabAsset: {fileID: 0}
  m_GameObject: {fileID: 827494946168642041}
  m_LocalRotation: {x: 0, y: 0, z: 0, w: 1}
  m_LocalPosition: {x: 0, y: 0, z: 0}
  m_LocalScale: {x: 1, y: 1, z: 1}
  m_ConstrainProportionsScale: 0
  m_Children: []
  m_Father: {fileID: 2504066603292509806}
  m_LocalEulerAnglesHint: {x: 0, y: 0, z: 0}
  m_AnchorMin: {x: 0, y: 0}
  m_AnchorMax: {x: 1, y: 0}
  m_AnchoredPosition: {x: 0, y: 18.9}
  m_SizeDelta: {x: -37.8, y: 174.85}
  m_Pivot: {x: 0.5, y: 0}
--- !u!222 &8323200684313406710
CanvasRenderer:
  m_ObjectHideFlags: 0
  m_CorrespondingSourceObject: {fileID: 0}
  m_PrefabInstance: {fileID: 0}
  m_PrefabAsset: {fileID: 0}
  m_GameObject: {fileID: 827494946168642041}
  m_CullTransparentMesh: 1
--- !u!114 &763265777380642365
MonoBehaviour:
  m_ObjectHideFlags: 0
  m_CorrespondingSourceObject: {fileID: 0}
  m_PrefabInstance: {fileID: 0}
  m_PrefabAsset: {fileID: 0}
  m_GameObject: {fileID: 827494946168642041}
  m_Enabled: 1
  m_EditorHideFlags: 0
  m_Script: {fileID: 11500000, guid: fe87c0e1cc204ed48ad3b37840f39efc, type: 3}
  m_Name: 
  m_EditorClassIdentifier: 
  m_Material: {fileID: 0}
  m_Color: {r: 1, g: 1, b: 1, a: 1}
  m_RaycastTarget: 1
  m_RaycastPadding: {x: 0, y: 0, z: 0, w: 0}
  m_Maskable: 1
  m_OnCullStateChanged:
    m_PersistentCalls:
      m_Calls: []
  m_Sprite: {fileID: 0}
  m_Type: 0
  m_PreserveAspect: 0
  m_FillCenter: 1
  m_FillMethod: 4
  m_FillAmount: 1
  m_FillClockwise: 1
  m_FillOrigin: 0
  m_UseSpriteMesh: 0
  m_PixelsPerUnitMultiplier: 1
--- !u!1 &2603013759955390061
GameObject:
  m_ObjectHideFlags: 0
  m_CorrespondingSourceObject: {fileID: 0}
  m_PrefabInstance: {fileID: 0}
  m_PrefabAsset: {fileID: 0}
  serializedVersion: 6
  m_Component:
  - component: {fileID: 6935607736067645041}
  - component: {fileID: 3986081870704504656}
  - component: {fileID: 573951771844751965}
  m_Layer: 5
  m_Name: NameText
  m_TagString: Untagged
  m_Icon: {fileID: 0}
  m_NavMeshLayer: 0
  m_StaticEditorFlags: 0
  m_IsActive: 1
--- !u!224 &6935607736067645041
RectTransform:
  m_ObjectHideFlags: 0
  m_CorrespondingSourceObject: {fileID: 0}
  m_PrefabInstance: {fileID: 0}
  m_PrefabAsset: {fileID: 0}
  m_GameObject: {fileID: 2603013759955390061}
  m_LocalRotation: {x: 0, y: 0, z: 0, w: 1}
  m_LocalPosition: {x: 0, y: 0, z: 0}
  m_LocalScale: {x: 1, y: 1, z: 1}
  m_ConstrainProportionsScale: 0
  m_Children: []
  m_Father: {fileID: 2504066603292509806}
  m_LocalEulerAnglesHint: {x: 0, y: 0, z: 0}
  m_AnchorMin: {x: 0, y: 1}
  m_AnchorMax: {x: 0, y: 1}
  m_AnchoredPosition: {x: 12, y: -37.199997}
  m_SizeDelta: {x: 136, y: 50}
  m_Pivot: {x: 0, y: 0.5}
--- !u!222 &3986081870704504656
CanvasRenderer:
  m_ObjectHideFlags: 0
  m_CorrespondingSourceObject: {fileID: 0}
  m_PrefabInstance: {fileID: 0}
  m_PrefabAsset: {fileID: 0}
  m_GameObject: {fileID: 2603013759955390061}
  m_CullTransparentMesh: 1
--- !u!114 &573951771844751965
MonoBehaviour:
  m_ObjectHideFlags: 0
  m_CorrespondingSourceObject: {fileID: 0}
  m_PrefabInstance: {fileID: 0}
  m_PrefabAsset: {fileID: 0}
  m_GameObject: {fileID: 2603013759955390061}
  m_Enabled: 1
  m_EditorHideFlags: 0
  m_Script: {fileID: 11500000, guid: f4688fdb7df04437aeb418b961361dc5, type: 3}
  m_Name: 
  m_EditorClassIdentifier: 
  m_Material: {fileID: 0}
  m_Color: {r: 1, g: 1, b: 1, a: 1}
  m_RaycastTarget: 1
  m_RaycastPadding: {x: 0, y: 0, z: 0, w: 0}
  m_Maskable: 1
  m_OnCullStateChanged:
    m_PersistentCalls:
      m_Calls: []
  m_text: Name
  m_isRightToLeft: 0
  m_fontAsset: {fileID: 11400000, guid: bca3623597fd071478a9ab322f864c1d, type: 2}
  m_sharedMaterial: {fileID: 4720783227919218287, guid: bca3623597fd071478a9ab322f864c1d, type: 2}
  m_fontSharedMaterials: []
  m_fontMaterial: {fileID: 0}
  m_fontMaterials: []
  m_fontColor32:
    serializedVersion: 2
    rgba: 4294967295
  m_fontColor: {r: 1, g: 1, b: 1, a: 1}
  m_enableVertexGradient: 0
  m_colorMode: 3
  m_fontColorGradient:
    topLeft: {r: 1, g: 1, b: 1, a: 1}
    topRight: {r: 1, g: 1, b: 1, a: 1}
    bottomLeft: {r: 1, g: 1, b: 1, a: 1}
    bottomRight: {r: 1, g: 1, b: 1, a: 1}
  m_fontColorGradientPreset: {fileID: 0}
  m_spriteAsset: {fileID: 0}
  m_tintAllSprites: 0
  m_StyleSheet: {fileID: 0}
  m_TextStyleHashCode: -1183493901
  m_overrideHtmlColors: 0
  m_faceColor:
    serializedVersion: 2
    rgba: 4294967295
  m_fontSize: 42.65
  m_fontSizeBase: 36
  m_fontWeight: 400
  m_enableAutoSizing: 1
  m_fontSizeMin: 18
  m_fontSizeMax: 72
  m_fontStyle: 0
  m_HorizontalAlignment: 1
  m_VerticalAlignment: 512
  m_textAlignment: 65535
  m_characterSpacing: 0
  m_wordSpacing: 0
  m_lineSpacing: 0
  m_lineSpacingMax: 0
  m_paragraphSpacing: 0
  m_charWidthMaxAdj: 0
  m_enableWordWrapping: 1
  m_wordWrappingRatios: 0.4
  m_overflowMode: 0
  m_linkedTextComponent: {fileID: 0}
  parentLinkedComponent: {fileID: 0}
  m_enableKerning: 1
  m_enableExtraPadding: 0
  checkPaddingRequired: 0
  m_isRichText: 1
  m_parseCtrlCharacters: 1
  m_isOrthographic: 1
  m_isCullingEnabled: 0
  m_horizontalMapping: 0
  m_verticalMapping: 0
  m_uvLineOffset: 0
  m_geometrySortingOrder: 0
  m_IsTextObjectScaleStatic: 0
  m_VertexBufferAutoSizeReduction: 0
  m_useMaxVisibleDescender: 1
  m_pageToDisplay: 1
  m_margin: {x: 0, y: 0, z: 0, w: 0}
  m_isUsingLegacyAnimationComponent: 0
  m_isVolumetricText: 0
  m_hasFontAssetChanged: 0
  m_baseMaterial: {fileID: 0}
  m_maskOffset: {x: 0, y: 0, z: 0, w: 0}
--- !u!1 &4640270956465741940
GameObject:
  m_ObjectHideFlags: 0
  m_CorrespondingSourceObject: {fileID: 0}
  m_PrefabInstance: {fileID: 0}
  m_PrefabAsset: {fileID: 0}
  serializedVersion: 6
  m_Component:
  - component: {fileID: 2504066603292509806}
  - component: {fileID: 3620803456232931130}
  - component: {fileID: 8513457216446270263}
  m_Layer: 5
  m_Name: Background
  m_TagString: Untagged
  m_Icon: {fileID: 0}
  m_NavMeshLayer: 0
  m_StaticEditorFlags: 0
  m_IsActive: 1
--- !u!224 &2504066603292509806
RectTransform:
  m_ObjectHideFlags: 0
  m_CorrespondingSourceObject: {fileID: 0}
  m_PrefabInstance: {fileID: 0}
  m_PrefabAsset: {fileID: 0}
  m_GameObject: {fileID: 4640270956465741940}
  m_LocalRotation: {x: 0, y: 0, z: 0, w: 1}
  m_LocalPosition: {x: 0, y: 0, z: 0}
  m_LocalScale: {x: 1, y: 1, z: 1}
  m_ConstrainProportionsScale: 0
  m_Children:
  - {fileID: 738469091452926766}
  - {fileID: 6935607736067645041}
  - {fileID: 725282731794012419}
  m_Father: {fileID: 5405061101875038817}
  m_LocalEulerAnglesHint: {x: 0, y: 0, z: 0}
  m_AnchorMin: {x: 0, y: 0}
  m_AnchorMax: {x: 1, y: 1}
  m_AnchoredPosition: {x: 0, y: 0}
  m_SizeDelta: {x: -40, y: -40}
  m_Pivot: {x: 0.5, y: 0.5}
--- !u!222 &3620803456232931130
CanvasRenderer:
  m_ObjectHideFlags: 0
  m_CorrespondingSourceObject: {fileID: 0}
  m_PrefabInstance: {fileID: 0}
  m_PrefabAsset: {fileID: 0}
  m_GameObject: {fileID: 4640270956465741940}
  m_CullTransparentMesh: 1
--- !u!114 &8513457216446270263
MonoBehaviour:
  m_ObjectHideFlags: 0
  m_CorrespondingSourceObject: {fileID: 0}
  m_PrefabInstance: {fileID: 0}
  m_PrefabAsset: {fileID: 0}
  m_GameObject: {fileID: 4640270956465741940}
  m_Enabled: 1
  m_EditorHideFlags: 0
  m_Script: {fileID: 11500000, guid: fe87c0e1cc204ed48ad3b37840f39efc, type: 3}
  m_Name: 
  m_EditorClassIdentifier: 
  m_Material: {fileID: 0}
  m_Color: {r: 0.5, g: 0.5, b: 0.5, a: 1}
  m_RaycastTarget: 1
  m_RaycastPadding: {x: 0, y: 0, z: 0, w: 0}
  m_Maskable: 1
  m_OnCullStateChanged:
    m_PersistentCalls:
      m_Calls: []
  m_Sprite: {fileID: 0}
  m_Type: 0
  m_PreserveAspect: 0
  m_FillCenter: 1
  m_FillMethod: 4
  m_FillAmount: 1
  m_FillClockwise: 1
  m_FillOrigin: 0
  m_UseSpriteMesh: 0
  m_PixelsPerUnitMultiplier: 1
--- !u!1 &7189349279758109579
GameObject:
  m_ObjectHideFlags: 0
  m_CorrespondingSourceObject: {fileID: 0}
  m_PrefabInstance: {fileID: 0}
  m_PrefabAsset: {fileID: 0}
  serializedVersion: 6
  m_Component:
  - component: {fileID: 5405061101875038817}
  - component: {fileID: 3518271004964578352}
  - component: {fileID: 1306391634626619385}
  - component: {fileID: 6701320161536232111}
  - component: {fileID: 7060552060440686258}
  m_Layer: 5
  m_Name: HeroCardView
  m_TagString: Untagged
  m_Icon: {fileID: 0}
  m_NavMeshLayer: 0
  m_StaticEditorFlags: 0
  m_IsActive: 1
--- !u!224 &5405061101875038817
RectTransform:
  m_ObjectHideFlags: 0
  m_CorrespondingSourceObject: {fileID: 0}
  m_PrefabInstance: {fileID: 0}
  m_PrefabAsset: {fileID: 0}
  m_GameObject: {fileID: 7189349279758109579}
  m_LocalRotation: {x: 0, y: 0, z: 0, w: 1}
  m_LocalPosition: {x: 0, y: 0, z: 0}
  m_LocalScale: {x: 1, y: 1, z: 1}
  m_ConstrainProportionsScale: 0
  m_Children:
  - {fileID: 2504066603292509806}
  m_Father: {fileID: 0}
  m_LocalEulerAnglesHint: {x: 0, y: 0, z: 0}
  m_AnchorMin: {x: 0, y: 0}
  m_AnchorMax: {x: 0, y: 0}
  m_AnchoredPosition: {x: 0, y: -158.54999}
  m_SizeDelta: {x: 258.5, y: 317.1}
  m_Pivot: {x: 0.5, y: 0}
--- !u!222 &3518271004964578352
CanvasRenderer:
  m_ObjectHideFlags: 0
  m_CorrespondingSourceObject: {fileID: 0}
  m_PrefabInstance: {fileID: 0}
  m_PrefabAsset: {fileID: 0}
  m_GameObject: {fileID: 7189349279758109579}
  m_CullTransparentMesh: 1
--- !u!114 &1306391634626619385
MonoBehaviour:
  m_ObjectHideFlags: 0
  m_CorrespondingSourceObject: {fileID: 0}
  m_PrefabInstance: {fileID: 0}
  m_PrefabAsset: {fileID: 0}
  m_GameObject: {fileID: 7189349279758109579}
  m_Enabled: 1
  m_EditorHideFlags: 0
  m_Script: {fileID: 11500000, guid: 29f2c99e85a34ccb977c9f3f33ee726f, type: 3}
  m_Name: 
  m_EditorClassIdentifier: 
  m_Root: {fileID: 5405061101875038817}
  m_NameText: {fileID: 573951771844751965}
  m_Icon: {fileID: 763265777380642365}
  m_PointsText: {fileID: 6993663346541102199}
  m_PointsRoot: {fileID: 725282731794012419}
  m_Button: {fileID: 6701320161536232111}
  m_ZeroColor: {r: 1, g: 1, b: 1, a: 1}
  m_PlusColor: {r: 0.093871, g: 1, b: 0, a: 1}
  m_MinusColor: {r: 1, g: 0.2688679, b: 0.2688679, a: 1}
--- !u!114 &6701320161536232111
MonoBehaviour:
  m_ObjectHideFlags: 0
  m_CorrespondingSourceObject: {fileID: 0}
  m_PrefabInstance: {fileID: 0}
  m_PrefabAsset: {fileID: 0}
  m_GameObject: {fileID: 7189349279758109579}
  m_Enabled: 1
  m_EditorHideFlags: 0
  m_Script: {fileID: 11500000, guid: 4e29b1a8efbd4b44bb3f3716e73f07ff, type: 3}
  m_Name: 
  m_EditorClassIdentifier: 
  m_Navigation:
    m_Mode: 3
    m_WrapAround: 0
    m_SelectOnUp: {fileID: 0}
    m_SelectOnDown: {fileID: 0}
    m_SelectOnLeft: {fileID: 0}
    m_SelectOnRight: {fileID: 0}
  m_Transition: 1
  m_Colors:
    m_NormalColor: {r: 1, g: 1, b: 1, a: 1}
    m_HighlightedColor: {r: 0.9607843, g: 0.9607843, b: 0.9607843, a: 1}
    m_PressedColor: {r: 0.78431374, g: 0.78431374, b: 0.78431374, a: 1}
    m_SelectedColor: {r: 0.9607843, g: 0.9607843, b: 0.9607843, a: 1}
    m_DisabledColor: {r: 0.78431374, g: 0.78431374, b: 0.78431374, a: 0.5019608}
    m_ColorMultiplier: 1
    m_FadeDuration: 0.1
  m_SpriteState:
    m_HighlightedSprite: {fileID: 0}
    m_PressedSprite: {fileID: 0}
    m_SelectedSprite: {fileID: 0}
    m_DisabledSprite: {fileID: 0}
  m_AnimationTriggers:
    m_NormalTrigger: Normal
    m_HighlightedTrigger: Highlighted
    m_PressedTrigger: Pressed
    m_SelectedTrigger: Selected
    m_DisabledTrigger: Disabled
  m_Interactable: 1
  m_TargetGraphic: {fileID: 7060552060440686258}
  m_OnClick:
    m_PersistentCalls:
      m_Calls: []
--- !u!114 &7060552060440686258
MonoBehaviour:
  m_ObjectHideFlags: 0
  m_CorrespondingSourceObject: {fileID: 0}
  m_PrefabInstance: {fileID: 0}
  m_PrefabAsset: {fileID: 0}
  m_GameObject: {fileID: 7189349279758109579}
  m_Enabled: 1
  m_EditorHideFlags: 0
  m_Script: {fileID: 11500000, guid: fe87c0e1cc204ed48ad3b37840f39efc, type: 3}
  m_Name: 
  m_EditorClassIdentifier: 
  m_Material: {fileID: 0}
  m_Color: {r: 1, g: 1, b: 1, a: 0}
  m_RaycastTarget: 1
  m_RaycastPadding: {x: 0, y: 0, z: 0, w: 0}
  m_Maskable: 1
  m_OnCullStateChanged:
    m_PersistentCalls:
      m_Calls: []
  m_Sprite: {fileID: 0}
  m_Type: 0
  m_PreserveAspect: 0
  m_FillCenter: 1
  m_FillMethod: 4
  m_FillAmount: 1
  m_FillClockwise: 1
  m_FillOrigin: 0
  m_UseSpriteMesh: 0
  m_PixelsPerUnitMultiplier: 1
--- !u!1 &8696661965058849712
GameObject:
  m_ObjectHideFlags: 0
  m_CorrespondingSourceObject: {fileID: 0}
  m_PrefabInstance: {fileID: 0}
  m_PrefabAsset: {fileID: 0}
  serializedVersion: 6
  m_Component:
  - component: {fileID: 725282731794012419}
  - component: {fileID: 732487361751381167}
  - component: {fileID: 6993663346541102199}
  m_Layer: 5
  m_Name: PointsText
  m_TagString: Untagged
  m_Icon: {fileID: 0}
  m_NavMeshLayer: 0
  m_StaticEditorFlags: 0
  m_IsActive: 1
--- !u!224 &725282731794012419
RectTransform:
  m_ObjectHideFlags: 0
  m_CorrespondingSourceObject: {fileID: 0}
  m_PrefabInstance: {fileID: 0}
  m_PrefabAsset: {fileID: 0}
  m_GameObject: {fileID: 8696661965058849712}
  m_LocalRotation: {x: 0, y: 0, z: 0, w: 1}
  m_LocalPosition: {x: 0, y: 0, z: 0}
  m_LocalScale: {x: 1, y: 1, z: 1}
  m_ConstrainProportionsScale: 0
  m_Children: []
  m_Father: {fileID: 2504066603292509806}
  m_LocalEulerAnglesHint: {x: 0, y: 0, z: 0}
  m_AnchorMin: {x: 0.5, y: 1}
  m_AnchorMax: {x: 0.5, y: 1}
  m_AnchoredPosition: {x: 102.40007, y: -37.2}
  m_SizeDelta: {x: 63.5, y: 50}
  m_Pivot: {x: 1, y: 0.5}
--- !u!222 &732487361751381167
CanvasRenderer:
  m_ObjectHideFlags: 0
  m_CorrespondingSourceObject: {fileID: 0}
  m_PrefabInstance: {fileID: 0}
  m_PrefabAsset: {fileID: 0}
  m_GameObject: {fileID: 8696661965058849712}
  m_CullTransparentMesh: 1
--- !u!114 &6993663346541102199
MonoBehaviour:
  m_ObjectHideFlags: 0
  m_CorrespondingSourceObject: {fileID: 0}
  m_PrefabInstance: {fileID: 0}
  m_PrefabAsset: {fileID: 0}
  m_GameObject: {fileID: 8696661965058849712}
  m_Enabled: 1
  m_EditorHideFlags: 0
  m_Script: {fileID: 11500000, guid: f4688fdb7df04437aeb418b961361dc5, type: 3}
  m_Name: 
  m_EditorClassIdentifier: 
  m_Material: {fileID: 0}
  m_Color: {r: 1, g: 1, b: 1, a: 1}
  m_RaycastTarget: 1
  m_RaycastPadding: {x: 0, y: 0, z: 0, w: 0}
  m_Maskable: 1
  m_OnCullStateChanged:
    m_PersistentCalls:
      m_Calls: []
  m_text: +5
  m_isRightToLeft: 0
  m_fontAsset: {fileID: 11400000, guid: bca3623597fd071478a9ab322f864c1d, type: 2}
  m_sharedMaterial: {fileID: 4720783227919218287, guid: bca3623597fd071478a9ab322f864c1d, type: 2}
  m_fontSharedMaterials: []
  m_fontMaterial: {fileID: 0}
  m_fontMaterials: []
  m_fontColor32:
    serializedVersion: 2
    rgba: 4294967295
  m_fontColor: {r: 1, g: 1, b: 1, a: 1}
  m_enableVertexGradient: 0
  m_colorMode: 3
  m_fontColorGradient:
    topLeft: {r: 1, g: 1, b: 1, a: 1}
    topRight: {r: 1, g: 1, b: 1, a: 1}
    bottomLeft: {r: 1, g: 1, b: 1, a: 1}
    bottomRight: {r: 1, g: 1, b: 1, a: 1}
  m_fontColorGradientPreset: {fileID: 0}
  m_spriteAsset: {fileID: 0}
  m_tintAllSprites: 0
  m_StyleSheet: {fileID: 0}
  m_TextStyleHashCode: -1183493901
  m_overrideHtmlColors: 0
  m_faceColor:
    serializedVersion: 2
    rgba: 4294967295
  m_fontSize: 36
  m_fontSizeBase: 36
  m_fontWeight: 400
  m_enableAutoSizing: 0
  m_fontSizeMin: 18
  m_fontSizeMax: 72
  m_fontStyle: 0
  m_HorizontalAlignment: 4
  m_VerticalAlignment: 512
  m_textAlignment: 65535
  m_characterSpacing: 0
  m_wordSpacing: 0
  m_lineSpacing: 0
  m_lineSpacingMax: 0
  m_paragraphSpacing: 0
  m_charWidthMaxAdj: 0
  m_enableWordWrapping: 1
  m_wordWrappingRatios: 0.4
  m_overflowMode: 0
  m_linkedTextComponent: {fileID: 0}
  parentLinkedComponent: {fileID: 0}
  m_enableKerning: 1
  m_enableExtraPadding: 0
  checkPaddingRequired: 0
  m_isRichText: 1
  m_parseCtrlCharacters: 1
  m_isOrthographic: 1
  m_isCullingEnabled: 0
  m_horizontalMapping: 0
  m_verticalMapping: 0
  m_uvLineOffset: 0
  m_geometrySortingOrder: 0
  m_IsTextObjectScaleStatic: 0
  m_VertexBufferAutoSizeReduction: 0
  m_useMaxVisibleDescender: 1
  m_pageToDisplay: 1
  m_margin: {x: 0, y: 0, z: 0, w: 0}
  m_isUsingLegacyAnimationComponent: 0
  m_isVolumetricText: 0
  m_hasFontAssetChanged: 0
  m_baseMaterial: {fileID: 0}
  m_maskOffset: {x: 0, y: 0, z: 0, w: 0}
